@article{Zob95,
    author =       "Justin Zobel and Alistair Moffat",
    title =        "Adding Compression to a Full-text Retrieval System",
    journal =      "Software-practice and experience",
    volume =       "25",
    number =       "8",
    pages =        "891--903",
    year =         "1995"
}

@article{Wil99,
    author =       "Hugh E. Williams and Justin Zobel",
    title =        "Compressing Integers for Fast File Access",
    journal =      "COMPJ: The Computer Journal",
    volume =       "42",
    number =       "3",
    pages =        "193--201",
    year =         "1999"
}

@book{Sal99,
    author    = "David Salomon",
    title     = "Variable-length codes for data compression",
    year      = "2007",
    publisher = "Springer, Heidelberg"
}

@article{Bri09,
    author =       "Nieves R. Brisaboa and Susana Ladra and Gonzalo Navarro",
    title =        "Directly Addressable Variable-Length Codes",
    year =         "2009"
}

@article{Sch02,
    author =        "Falk Scholer and Hugh E. Williams and John Yiannis and Justin Zobel",
    title =         "Compression of Inverted Indexes For Fast Query Evaluation",
    year =          "2002"
}

@Book{Man08,
    author =        "Christopher D. Manning and Prabhakar Raghavan and Hinrich Sch√ºtze",
    title  =        "Introduction to Information Retrieval",
    year =          "2008"
}    

